<?xml version="1.0" encoding="UTF-8"?><collection xmlns="http://www.loc.gov/MARC21/slim"><record><leader>00353nam--2200109-i-4500</leader><controlfield tag="001">000032836</controlfield><controlfield tag="002">20161230</controlfield><controlfield tag="005">20161230201039</controlfield><controlfield tag="008">060222s1000------------r-----000-0-eng-d</controlfield><datafield ind1=" " ind2=" " tag="245"><subfield code="a">Methods for emission spectrochemical analysis.general practices nomenclature .third  edition</subfield></datafield><datafield ind1=" " ind2=" " tag="260"><subfield code="a">Philadelphia. Amer.Soc. For Testing Mat. 1960 Xvi + 685p</subfield></datafield><datafield ind1=" " ind2=" " tag="852"><subfield code="a">19016</subfield></datafield></record></collection>